<collection xmlns="http://www.loc.gov/MARC21/slim">
<record>
  <leader>01502nam0a2200253 i 450 </leader>
  <controlfield tag="001">IT\ICCU\CNCE\015522</controlfield>
  <controlfield tag="005">20070515000000.0</controlfield>
  <datafield tag="012" ind1=" " ind2=" ">
    <subfield code="a">i.o. a-o. c-n- a.un (S) 1573 (Q)</subfield>
    <subfield code="2">fei</subfield>
  </datafield>
  <datafield tag="100" ind1=" " ind2=" ">
    <subfield code="a">19970101f1573        0itac0103    ba</subfield>
  </datafield>
  <datafield tag="101" ind1=" " ind2=" ">
    <subfield code="a">ITA</subfield>
  </datafield>
  <datafield tag="102" ind1=" " ind2=" ">
    <subfield code="a">IT</subfield>
  </datafield>
  <datafield tag="200" ind1="1" ind2=" ">
    <subfield code="a">Summario delle gratie ...  et priuilegii concessi dalla fel. mem. di papa Paolo III. Alla venerabile Archiconfraternit ̉del Santissimo Sacramento, eretta nella chiesa di S. Maria sopra Minerua dell&apos;alma citt ̉di Roma</subfield>
  </datafield>
  <datafield tag="210" ind1=" " ind2=" ">
    <subfield code="a">In Roma</subfield>
    <subfield code="c">per gli heredi d&apos;Antonio Blado Stampatori Camerali</subfield>
    <subfield code="d">\non prima del 1573!</subfield>
  </datafield>
  <datafield tag="215" ind1=" " ind2=" ">
    <subfield code="a">1 foglio</subfield>
    <subfield code="d">atl</subfield>
  </datafield>
  <datafield tag="300" ind1=" " ind2=" ">
    <subfield code="a">Segue : Summario delle gratie et indulgentie concesse dal sant.mo signor nostro papa Gregorio XIII</subfield>
  </datafield>
  <datafield tag="620" ind1=" " ind2=" ">
    <subfield code="a">IT</subfield>
    <subfield code="d">Roma</subfield>
  </datafield>
  <datafield tag="710" ind1="0" ind2="2">
    <subfield code="a">Arciconfraternita del SS. Sacramento in S. Maria sopra Minerva</subfield>
    <subfield code="c"> &lt;Roma&gt;</subfield>
    <subfield code="3">13560</subfield>
  </datafield>
  <datafield tag="702" ind1=" " ind2="0">
    <subfield code="a">Gregorius</subfield>
    <subfield code="c"> &lt;papa</subfield>
    <subfield code="c"> ; 13.&gt;</subfield>
    <subfield code="3">IT\ICCU\CNCA\000020</subfield>
  </datafield>
  <datafield tag="712" ind1="0" ind2="0">
    <subfield code="a">Blado, Antonio - eredi</subfield>
    <subfield code="3">IT\ICCU\CNCT\000148</subfield>
    <subfield code="4">650</subfield>
  </datafield>
  <datafield tag="791" ind1="0" ind2="2">
    <subfield code="a">Archiconfraternita del SS. Sacramento in S. Maria sopra Minerva</subfield>
    <subfield code="c"> &lt;Roma&gt;</subfield>
    <subfield code="3">13561</subfield>
    <subfield code="z">Arciconfraternita del SS. Sacramento in S. Maria sopra Minerva &lt;Roma&gt;</subfield>
  </datafield>
  <datafield tag="791" ind1="0" ind2="0">
    <subfield code="a">Compagnia del Sacr.mo Corpo di Christo, posta nella chiesa di S. Maria sopra Minerua della citt ̉di Roma</subfield>
    <subfield code="3">28424</subfield>
    <subfield code="z">Arciconfraternita del SS. Sacramento in S. Maria sopra Minerva &lt;Roma&gt;</subfield>
  </datafield>
  <datafield tag="790" ind1=" " ind2="1">
    <subfield code="a">Buoncompagni,</subfield>
    <subfield code="b">Ugo</subfield>
    <subfield code="3">IT\ICCU\CNCA\008198</subfield>
    <subfield code="z">Gregorius &lt;papa ; 13.&gt;</subfield>
  </datafield>
  <datafield tag="801" ind1=" " ind2="3">
    <subfield code="a">IT</subfield>
    <subfield code="b">ICCU</subfield>
    <subfield code="c">20201114</subfield>
  </datafield>
  <datafield tag="899" ind1=" " ind2=" ">
    <subfield code="a">Biblioteca Vallicelliana. Roma</subfield>
    <subfield code="1">RM0281</subfield>
    <subfield code="2">RML 08</subfield>
  </datafield>
</record>
</collection>
